<marc:record xmlns:marc="http://www.loc.gov/MARC21/slim" xmlns:xsi="http://www.w3.org/2001/XMLSchema-instance" xsi:schemaLocation="http://www.loc.gov/MARC21/slim http://www.loc.gov/standards/marcxml/schema/MARC21slim.xsd">
  <marc:leader>     cam a2200241   45M</marc:leader>
  <marc:controlfield tag="001">001682863</marc:controlfield>
  <marc:controlfield tag="003">NNU</marc:controlfield>
  <marc:controlfield tag="005">20001219003730.0</marc:controlfield>
  <marc:controlfield tag="008">900228s1968    iq       b    00  0 ara  </marc:controlfield>
  <marc:datafield tag="010" ind1=" " ind2=" ">
    <marc:subfield code="a">ne 68004093</marc:subfield>
  </marc:datafield>
  <marc:datafield tag="035" ind1="9" ind2=" ">
    <marc:subfield code="a">NYUb12226280</marc:subfield>
  </marc:datafield>
  <marc:datafield tag="035" ind1=" " ind2=" ">
    <marc:subfield code="a">(CStRLIN)DCGGB15303718-B</marc:subfield>
  </marc:datafield>
  <marc:datafield tag="100" ind1="1" ind2=" ">
    <marc:subfield code="a">Ḥasan, Muḥammad ʻAlī.</marc:subfield>
  </marc:datafield>
  <marc:datafield tag="245" ind1="1" ind2="0">
    <marc:subfield code="a">Dīwān layl al-ṣabb :</marc:subfield>
    <marc:subfield code="b">majmūʻat muʻāraḍāt qaṣīdat /</marc:subfield>
    <marc:subfield code="c">Abī al-Ḥasan al-Ḥuṣrī al-Qayrawānī ; ʻuniyá bi-jamʻihā wa-sharḥ mufradātihā Muḥammad ʻAlī Ḥasan.</marc:subfield>
  </marc:datafield>
  <marc:datafield tag="250" ind1=" " ind2=" ">
    <marc:subfield code="a">al-Ṭabʻah 1.</marc:subfield>
  </marc:datafield>
  <marc:datafield tag="260" ind1=" " ind2=" ">
    <marc:subfield code="a">Baghdād :</marc:subfield>
    <marc:subfield code="b">[s.n.],</marc:subfield>
    <marc:subfield code="c">1968.</marc:subfield>
  </marc:datafield>
  <marc:datafield tag="300" ind1=" " ind2=" ">
    <marc:subfield code="a">166 p. ;</marc:subfield>
    <marc:subfield code="c">24 cm.</marc:subfield>
  </marc:datafield>
  <marc:datafield tag="500" ind1=" " ind2=" ">
    <marc:subfield code="a">Includes al-Ḥuṣrī's qaṣīdah entitled: Yā layl al-ṣabb.</marc:subfield>
  </marc:datafield>
  <marc:datafield tag="504" ind1=" " ind2=" ">
    <marc:subfield code="a">Bibliographical footnotes.</marc:subfield>
  </marc:datafield>
  <marc:datafield tag="650" ind1=" " ind2="0">
    <marc:subfield code="a">Arabic poetry</marc:subfield>
    <marc:subfield code="y">1801-</marc:subfield>
  </marc:datafield>
  <marc:datafield tag="700" ind1="1" ind2=" ">
    <marc:subfield code="a">Ḥuṣrī, Abū al-Ḥasan ʻAlī ibn ʻAbd al-Ghanī,</marc:subfield>
    <marc:subfield code="d">d. 1095.</marc:subfield>
    <marc:subfield code="t">Yā layl al-ṣabb.</marc:subfield>
  </marc:datafield>
  <marc:datafield tag="950" ind1=" " ind2=" ">
    <marc:subfield code="l">BMAIN</marc:subfield>
    <marc:subfield code="a">PJ7661</marc:subfield>
    <marc:subfield code="b">.H3</marc:subfield>
  </marc:datafield>
  <marc:datafield tag="955" ind1=" " ind2=" ">
    <marc:subfield code="l">BMAIN</marc:subfield>
    <marc:subfield code="c">1</marc:subfield>
    <marc:subfield code="r">028864323</marc:subfield>
  </marc:datafield>
  <marc:datafield tag="998" ind1=" " ind2=" ">
    <marc:subfield code="s">9115</marc:subfield>
  </marc:datafield>
</marc:record>
